@misc{higher-operads-higher-categories,
  doi       = {10.48550/ARXIV.MATH/0305049},
  url       = {https://arxiv.org/abs/math/0305049},
  author    = {Leinster, Tom},
  keywords  = {Category Theory (math.CT), Algebraic Geometry (math.AG), Algebraic Topology (math.AT), Quantum Algebra (math.QA), FOS: Mathematics, FOS: Mathematics},
  title     = {Higher Operads, Higher Categories},
  publisher = {arXiv},
  year      = {2003},
  copyright = {Assumed arXiv.org perpetual, non-exclusive license to distribute this article for submissions made before January 2004}
}

@misc{arxiv-operads,
  title         = {A Formalization of Operads in Coq},
  author        = {Zachary Flores and Angelo Taranto and Eric Bond and Yakir Forman},
  year          = {2023},
  eprint        = {2303.08894},
  archiveprefix = {arXiv},
  primaryclass  = {math.CT}
}